
@article{hansen1997,
	title = {Zooplankton grazing and growth: Scaling within the 2-2,-μm body size range},
	author = {Hansen, Per Juel and {Bjørnsen}, Peter Koefoed and Hansen, Benni Winding},
	year = {1997},
	month = {06},
	date = {1997-06},
	journal = {Limnology and Oceanography},
	pages = {687--704},
	volume = {42},
	number = {4},
	doi = {10.4319/lo.1997.42.4.0687},
	url = {http://dx.doi.org/10.4319/lo.1997.42.4.0687},
	langid = {en}
}

@article{kleppel1993,
	title = {On the diets of calanoid copepods},
	author = {Kleppel, GS},
	year = {1993},
	date = {1993},
	journal = {Marine Ecology Progress Series},
	pages = {183--195},
	volume = {99},
	doi = {10.3354/meps099183},
	url = {http://dx.doi.org/10.3354/meps099183},
	langid = {en}
}
